@manual{Gelder2001,
	author = "Allen Van Gelder",
	title = "A Discipline of Data Abstraction using ANSI C",
	organization = "University of California at Santa Cruz",
	year = "2001"
}