@manual{Gelder2001,
	author = "Allen Van Gelder",
	title = "A Discipline of Data Abstraction using ANSI C",
	organization = "University of California at Santa Cruz",
	year = "2001"
}
@book{Algorithms2002,
	author = "Thomas H. Cormen and Charles E. Leiserson and Ronald L. Rivest and Clifford Stein",
	title = "Introduction to Algorithms",
	publisher = "The MIT Press",
	year = "2002",
	edition = "2nd"
}